<?xml version="1.0" encoding="UTF-8"?><collection xmlns="http://www.loc.gov/MARC21/slim"><record><leader>00504nam--2200205-u-4500</leader><controlfield tag="001">000053378</controlfield><controlfield tag="002">20161230</controlfield><controlfield tag="005">20161230201051</controlfield><controlfield tag="008">110322s1000------------r-----000-0-rum-d</controlfield><datafield ind1=" " ind2=" " tag="020"><subfield code="a">9735714043</subfield></datafield><datafield ind1=" " ind2=" " tag="040"><subfield code="a">IFIN-HH</subfield></datafield><datafield ind1=" " ind2=" " tag="041"><subfield code="a">rum</subfield></datafield><datafield ind1=" " ind2=" " tag="080"><subfield code="a">530.1</subfield></datafield><datafield ind1="1" ind2=" " tag="100"><subfield code="a">Aaron, Francisc Dionisie</subfield></datafield><datafield ind1="1" ind2="0" tag="245"><subfield code="a">Mecanica analitica</subfield><subfield code="c">Francisc dionisie aaron</subfield></datafield><datafield ind1=" " ind2=" " tag="260"><subfield code="a">Bucuresti</subfield><subfield code="b">Bic All</subfield><subfield code="c">2002</subfield></datafield><datafield ind1=" " ind2=" " tag="300"><subfield code="a">419P</subfield></datafield><datafield ind1=" " ind2=" " tag="490"><subfield code="a">All Universitar</subfield></datafield><datafield ind1=" " ind2=" " tag="852"><subfield code="a">81318</subfield><subfield code="c">530.1</subfield></datafield><datafield ind1=" " ind2=" " tag="CAT"><subfield code="a">Sys</subfield><subfield code="c">20110322</subfield><subfield code="h">082539</subfield></datafield></record></collection>